<?xml version="1.0" encoding="utf-8"?>
<record xmlns="http://www.loc.gov/MARC21/slim" xmlns:xsi="http://www.w3.org/2001/XMLSchema-instance" xsi:schemaLocation="http://www.loc.gov/MARC21/slim http://www.loc.gov/standards/marcxml/schema/MARC21slim.xsd">
	<leader>     nam a22        4500</leader>
	<controlfield tag="001">b12707600</controlfield>
	<controlfield tag="003">LeBAU</controlfield>
	<controlfield tag="006">m        d        </controlfield>
	<controlfield tag="007">cr cn |||m|||a</controlfield>
	<controlfield tag="008">170830s1908    ti      o     ||0 0 ara d</controlfield>
	<datafield ind1=" " ind2=" " tag="040">
		<subfield code="a">NNU</subfield>
		<subfield code="b">ara</subfield>
		<subfield code="e">rda</subfield>
		<subfield code="c">NNU</subfield>
	</datafield>
	<datafield ind1=" " ind2="4" tag="050">
		<subfield code="a">BP64.T7</subfield>
		<subfield code="b">H36 1908</subfield>
	</datafield>
	<datafield ind1="0" ind2="4" tag="082">
		<subfield code="a">961.103</subfield>
		<subfield code="2">22</subfield>
	</datafield>
	<datafield ind1="0" ind2=" " tag="100">
		<subfield code="6">880-01</subfield>
		<subfield code="a">Ḥusayn Khūjah,</subfield>
		<subfield code="d">-1732?</subfield>
		<subfield code="e">author.</subfield>
	</datafield>
	<datafield ind1="1" ind2="3" tag="245">
		<subfield code="6">880-02</subfield>
		<subfield code="a">al-Dhayl li-kitāb Bashāʼir ahl al-īmān fī futūḥāt Āl ʻUthmān :</subfield>
		<subfield code="b">yataḍaman tarājim nukhbah min fuḍalāʼ al-Tūnisīyīn wa-ghayrihim /</subfield>
		<subfield code="c">ta’līf al-fāḍil al-adīb al-mu’arrikh al-Shaykh Ḥusayn Khūjah ibn ‘Alī ibn Sulaymān al-Ḥanafī ra’īs dīwān al-inshā’ bi-al-ḥāḍirah al-Tūnisīyah wa-turjumān al-dawlah al-Ḥusaynīyah al-mutawaffá sanat 1169.</subfield>
	</datafield>
	<datafield ind1="3" ind2="0" tag="246">
		<subfield code="6">880-03</subfield>
		<subfield code="a">Bashāʼir ahl al-īmān</subfield>
	</datafield>
	<datafield ind1=" " ind2="1" tag="264">
		<subfield code="6">880-04</subfield>
		<subfield code="a">Tūnis :</subfield>
		<subfield code="b">al-Maṭbaʻah al-Rasmīyah al-‘Arabīyah,</subfield>
		<subfield code="c">1336 [H.] = 1908 [M.]</subfield>
	</datafield>
	<datafield ind1=" " ind2=" " tag="300">
		<subfield code="6">880-05</subfield>
		<subfield code="a">online resource (12, 247 pages)</subfield>
	</datafield>
	<datafield ind1=" " ind2=" " tag="336">
		<subfield code="a">text</subfield>
		<subfield code="2">rdacontent</subfield>
	</datafield>
	<datafield ind1=" " ind2=" " tag="337">
		<subfield code="a">computer</subfield>
		<subfield code="2">rdamedia</subfield>
	</datafield>
	<datafield ind1=" " ind2=" " tag="338">
		<subfield code="a">online resource</subfield>
		<subfield code="2">rdacarrier</subfield>
	</datafield>
	<datafield ind1=" " ind2=" " tag="500">
		<subfield code="a">Part of the Arabic Collections Online (ACO) project, contributed by American University of Beirut's Jafet Memorial Library.</subfield>
	</datafield>
	<datafield ind1=" " ind2=" " tag="533">
		<subfield code="a">Electronic reproduction.</subfield>
		<subfield code="b">New York, N.Y. :</subfield>
		<subfield code="c">New York University,</subfield>
		<subfield code="d">2017.</subfield>
		<subfield code="5">NNU</subfield>
	</datafield>
	<datafield ind1=" " ind2="0" tag="650">
		<subfield code="6">880-06</subfield>
		<subfield code="a">Islam</subfield>
		<subfield code="z">Tunisia</subfield>
		<subfield code="v">Biography.</subfield>
	</datafield>
	<datafield ind1=" " ind2="0" tag="651">
		<subfield code="6">880-07</subfield>
		<subfield code="a">Tunisia</subfield>
		<subfield code="x">History</subfield>
		<subfield code="y">1516-1881.</subfield>
	</datafield>
	<datafield ind1=" " ind2="0" tag="651">
		<subfield code="6">880-08</subfield>
		<subfield code="a">Tunisia</subfield>
		<subfield code="v">Biography.</subfield>
	</datafield>
	<datafield ind1="2" ind2=" " tag="710">
		<subfield code="a">Jafet Memorial Library.</subfield>
	</datafield>
	<datafield ind1="0" ind2=" " tag="730">
		<subfield code="a">Arabic Collections Online.</subfield>
	</datafield>
	<datafield ind1="0" ind2="8" tag="776">
		<subfield code="i">Print version:</subfield>
		<subfield code="a">Ḥusayn Khūjah, -1732? author.</subfield>
		<subfield code="t">al-Dhayl li-kitāb Bashāʼir ahl al-īmān fī futūḥāt Āl ʻUthmān</subfield>
		<subfield code="w">(LeBAU)b12707600</subfield>
	</datafield>
	<datafield ind1="4" ind2="0" tag="856">
		<subfield code="u">http://hdl.handle.net/2333.1/rjdfn7vn</subfield>
	</datafield>
	<datafield ind1="0" ind2=" " tag="880">
		<subfield code="6">100-01</subfield>
		<subfield code="a">حسين خوجة،</subfield>
		<subfield code="d">-1732?</subfield>
		<subfield code="e">مؤلف.</subfield>
		<subfield code="4">aut.</subfield>
	</datafield>
	<datafield ind1="1" ind2="2" tag="880">
		<subfield code="6">245-02</subfield>
		<subfield code="a">الذيل لكتاب بشائر أهل الإيمان في فتوحات آل عثمان :</subfield>
		<subfield code="b">يتضمن تراجم نخبة من فضلاء التونسيين وغيرهم /</subfield>
		<subfield code="c">تأليف الفاضل الأديب المؤرخ الشيخ حسين خوجه إبن علي بن سليمان الحنفي رئيس ديوان الإنشاء بالحاضرة التونسية وترجمان الدولة الحسينية المتوفى سنة 1169.</subfield>
	</datafield>
	<datafield ind1="3" ind2="0" tag="880">
		<subfield code="6">246-03</subfield>
		<subfield code="a">بشائر أهل الإيمان</subfield>
	</datafield>
	<datafield ind1=" " ind2="1" tag="880">
		<subfield code="6">264-04</subfield>
		<subfield code="a">تونس :</subfield>
		<subfield code="b">المطبعة الرسمية العربية،</subfield>
		<subfield code="c">1336 [هـ.] = 1908 [م.]</subfield>
	</datafield>
	<datafield ind1=" " ind2=" " tag="880">
		<subfield code="6">300-05</subfield>
		<subfield code="a">12، 247 صفحة ؛</subfield>
		<subfield code="c">24 سم</subfield>
	</datafield>
	<datafield ind1=" " ind2=" " tag="880">
		<subfield code="6">563-00</subfield>
		<subfield code="a">تم تجليد الفهرس في آخر الكتاب من النسخة الثانية عن طريق الخطأ.</subfield>
	</datafield>
	<datafield ind1=" " ind2="4" tag="880">
		<subfield code="6">650-06</subfield>
		<subfield code="a">الاسلام</subfield>
		<subfield code="z">تونس</subfield>
		<subfield code="v">تراجم.</subfield>
	</datafield>
	<datafield ind1=" " ind2="4" tag="880">
		<subfield code="6">651-07</subfield>
		<subfield code="a">تونس</subfield>
		<subfield code="x">تاريخ</subfield>
		<subfield code="y">1516-1881.</subfield>
	</datafield>
	<datafield ind1=" " ind2="4" tag="880">
		<subfield code="6">651-08</subfield>
		<subfield code="a">تونس</subfield>
		<subfield code="v">تراجم.</subfield>
	</datafield>
	<datafield ind1="0" ind2=" " tag="880">
		<subfield code="6">775-00</subfield>
		<subfield code="a">Dhayl Bashāʼir ahl al-īmān fī futūḥāt Āl ʻUthmān</subfield>
		<subfield code="d">ليبيا : الدار العربية للكتاب، 1975</subfield>
		<subfield code="w">b12707624</subfield>
	</datafield>
	<datafield ind1="0" ind2=" " tag="880">
		<subfield code="6">775-00</subfield>
		<subfield code="t">ذيل بشائر اهل الايمان بفتوحات آل عثمان</subfield>
		<subfield code="d">Lībyā : al-Dār al-‘Arabīyah lil-Kitāb, 1975</subfield>
		<subfield code="w">(OCoLC)784472368</subfield>
		<subfield code="w">(OCoLC)784472368</subfield>
		<subfield code="a">Dhayl Bashāʼir ahl al-īmān fī futūḥāt Āl ʻUthmān</subfield>
	</datafield>
	<datafield ind1=" " ind2=" " tag="959">
		<subfield code="a">NNU</subfield>
		<subfield code="b">WEB</subfield>
		<subfield code="c">GENI</subfield>
		<subfield code="t">0</subfield>
		<subfield code="m">Electronic access</subfield>
		<subfield code="s">01</subfield>
	</datafield>
	<datafield ind1=" " ind2=" " tag="999">
		<subfield code="i">LeBAU_b12707600</subfield>
		<subfield code="s">aub_aco001200</subfield>
		<subfield code="e">(ERROR-MISC)</subfield>
		<subfield code="s">aub_aco001200</subfield>
	</datafield>
</record>
